<record><leader>00000cas a22000007a 4500</leader><controlfield tag="001">35003830</controlfield><controlfield tag="008">960628d18331834tnudn ne      0    0eng d</controlfield><datafield ind1=" " ind2=" " tag="010"><subfield code="a">sn 96091013 </subfield></datafield><datafield ind1=" " ind2=" " tag="040"><subfield code="a">TGN</subfield><subfield code="b">eng</subfield><subfield code="c">TGN</subfield><subfield code="d">OCL</subfield><subfield code="d">OCLCQ</subfield><subfield code="d">OCLCF</subfield><subfield code="d">OCLCO</subfield><subfield code="d">CUS</subfield></datafield><datafield ind1=" " ind2=" " tag="042"><subfield code="a">msc</subfield></datafield><datafield ind1=" " ind2=" " tag="043"><subfield code="a">n-us-tn</subfield></datafield><datafield ind1="1" ind2="4" tag="050"><subfield code="a">AN</subfield></datafield><datafield ind1="0" ind2="0" tag="245"><subfield code="a">National banner and daily advertiser.</subfield></datafield><datafield ind1="1" ind2="3" tag="246"><subfield code="a">National banner and Nashville Whig</subfield></datafield><datafield ind1=" " ind2=" " tag="260"><subfield code="a">[Nashville, Tenn.] :</subfield><subfield code="b">W. Hasell Hunt &amp; Co.,</subfield><subfield code="c">1833-1834.</subfield></datafield><datafield ind1=" " ind2=" " tag="300"><subfield code="a">v.</subfield></datafield><datafield ind1=" " ind2=" " tag="310"><subfield code="a">Daily (except Sun.)</subfield></datafield><datafield ind1="0" ind2=" " tag="362"><subfield code="a">Vol. 21, no. 1946 (Nov. 6, 1833)-v. 22, no. 1315 (Sept. 13, 1834).</subfield></datafield><datafield ind1=" " ind2="0" tag="651"><subfield code="a">Nashville (Tenn.)</subfield><subfield code="v">Newspapers.</subfield></datafield><datafield ind1=" " ind2="0" tag="651"><subfield code="a">Davidson County (Tenn.)</subfield><subfield code="v">Newspapers.</subfield></datafield><datafield ind1=" " ind2="7" tag="651"><subfield code="a">Tennessee</subfield><subfield code="z">Davidson County.</subfield><subfield code="2">fast</subfield><subfield code="0">(OCoLC)fst01205346</subfield></datafield><datafield ind1=" " ind2="7" tag="651"><subfield code="a">Tennessee</subfield><subfield code="z">Nashville.</subfield><subfield code="2">fast</subfield><subfield code="0">(OCoLC)fst01204195</subfield></datafield><datafield ind1=" " ind2="7" tag="655"><subfield code="a">Newspapers.</subfield><subfield code="2">fast</subfield><subfield code="0">(OCoLC)fst01423814</subfield></datafield><datafield ind1=" " ind2=" " tag="752"><subfield code="a">United States</subfield><subfield code="b">Tennessee</subfield><subfield code="c">Davidson</subfield><subfield code="d">Nashville.</subfield></datafield><datafield ind1="0" ind2=" " tag="775"><subfield code="t">National banner (Nashville, Tenn. : 1829 : Weekly)</subfield><subfield code="w">(DLC)sn 85033691</subfield></datafield><datafield ind1="0" ind2=" " tag="775"><subfield code="t">National banner and Nashville Whig (Nashville, Tenn. : Semiweekly)</subfield><subfield code="w">(DLC)sn 85033693</subfield></datafield><datafield ind1="0" ind2="0" tag="780"><subfield code="t">National banner and Nashville daily advertiser</subfield><subfield code="w">(DLC)sn 86071170</subfield></datafield><datafield ind1="4" ind2="1" tag="856"><subfield code="3">01/01/1834 to 09/15/1834</subfield><subfield code="u">http://infoweb.newsbank.com/?db=EANX&amp;s_browseRef=decades/14630A23A1C70911/all.xml</subfield></datafield><datafield ind1="1" ind2=" " tag="029"><subfield code="a">AU@</subfield><subfield code="b">000012570654</subfield></datafield></record>